%% This BibTeX bibliography file was created using BibDesk.
%% http://bibdesk.sourceforge.net/


%% Created for Yago Guimar√£es Coimbra at 2016-02-29 13:28:38 -0300 


%% Saved with string encoding Unicode (UTF-8) 

@article{silva2013botnets,
  title={Botnets: A survey},
  author={Silva, S{\'e}rgio SC and Silva, Rodrigo MP and Pinto, Raquel CG and Salles, Ronaldo M},
  journal={Computer Networks},
  volume={57},
  number={2},
  pages={378--403},
  year={2013},
  publisher={Elsevier}
}

@inproceedings{gu2008botminer,
  title={BotMiner: Clustering Analysis of Network Traffic for Protocol-and Structure-Independent Botnet Detection.},
  author={Gu, Guofei and Perdisci, Roberto and Zhang, Junjie and Lee, Wenke and others},
  booktitle={USENIX Security Symposium},
  volume={5},
  number={2},
  pages={139--154},
  year={2008}
}