%% This BibTeX bibliography file was created using BibDesk.
%% http://bibdesk.sourceforge.net/


%% Created for Yago Guimarães Coimbra at 2016-02-29 13:28:38 -0300 


%% Saved with string encoding Unicode (UTF-8) 
@article{wang2010advanced,
  title={An Advanced Hybrid Peer-to-Peer Botnet.},
  author={Wang, Ping and Sparks, Sherri and Zou, Cliff C},
  journal={IEEE Transactions on Dependable and Secure Computing},
  volume={7},
  number={2},
  pages={113},
  year={2010}
}

@inproceedings{feily2009survey,
  title={A survey of botnet and botnet detection},
  author={Feily, Maryam and Shahrestani, Alireza and Ramadass, Sureswaran},
  booktitle={Emerging Security Information, Systems and Technologies, 2009. SECURWARE'09. Third International Conference on},
  pages={268--273},
  year={2009},
  organization={IEEE}
}

@article{silva2012arquitetura,
  title={Arquitetura de um sistema integrado de defesa cibernética para detecção de botnets},
  author={Silva, S{\'e}rgio SC and Salles, Ronaldo M},
  journal={Programa de Engenharia de Defesa},
  year={2012},
  publisher={Instituto Militar de Engenharia}
}

@article{silva2013botnets,
  title={Botnets: A survey},
  author={Silva, S{\'e}rgio SC and Silva, Rodrigo MP and Pinto, Raquel CG and Salles, Ronaldo M},
  journal={Computer Networks},
  volume={57},
  number={2},
  pages={378--403},
  year={2013},
  publisher={Elsevier}
}

@article{soltani2014survey,
  title={A survey on real world botnets and detection mechanisms},
  author={Soltani, Somayeh and Seno, Seyed Amin Hosseini and Nezhadkamali, Maryam and Budiarto, Rahmat},
  journal={International Journal of Information and Network Security},
  volume={3},
  number={2},
  pages={116},
  year={2014},
  publisher={IAES Institute of Advanced Engineering and Science}
}

@inproceedings{gu2008botminer,
  title={BotMiner: Clustering Analysis of Network Traffic for Protocol-and Structure-Independent Botnet Detection.},
  author={Gu, Guofei and Perdisci, Roberto and Zhang, Junjie and Lee, Wenke and others},
  booktitle={USENIX Security Symposium},
  volume={5},
  number={2},
  pages={139--154},
  year={2008}
}

@article{bishop2006pattern,
  title={Pattern Recognition},
  author={Bishop, Christopher M},
  journal={Machine Learning},
  year={2006}
}

@book{mohri2012foundations,
  title={Foundations of machine learning},
  author={Mohri, Mehryar and Rostamizadeh, Afshin and Talwalkar, Ameet},
  year={2012},
  publisher={MIT press}
}

@article{chandola2009anomaly,
  title={Anomaly detection: A survey},
  author={Chandola, Varun and Banerjee, Arindam and Kumar, Vipin},
  journal={ACM computing surveys (CSUR)},
  volume={41},
  number={3},
  pages={15},
  year={2009},
  publisher={ACM}
}

@techreport{witten2011data,
  title={Data mining: practical machine learning tools and techniques},
  author={Witten, Ian H Frank and Hall, Eibe and Witten, Mark A Ian H and Frank, Eibe and Hall, Mark A},
  year={2011}
}

@inproceedings{ji2008botnet,
  title={Botnet detection and response architecture for offering secure internet services},
  author={Ji, SeungGoo and Im, ChaeTae and Kim, MiJoo and Jeong, HyunCheol},
  booktitle={Security Technology, 2008. SECTECH'08. International Conference on},
  pages={101--104},
  year={2008},
  organization={IEEE}
}

@article{puri2003bots,
  title={Bots \& botnet: An overview},
  author={Puri, Ramneek},
  journal={SANS Institute},
  volume={3},
  pages={58},
  year={2003}
}